<?xml version="1.0" encoding="UTF-8"?><record xmlns="http://www.loc.gov/MARC21/slim" xmlns:cinclude="http://apache.org/cocoon/include/1.0" xmlns:zs="http://www.loc.gov/zing/srw/">
  <leader>00462cz  a2200145n  4500</leader>
  <controlfield tag="001">n  96020349 </controlfield>
  <controlfield tag="003">DLC</controlfield>
  <controlfield tag="005">19960606052827.8</controlfield>
  <controlfield tag="008">960304n| acannaab|          |a aaa |||  </controlfield>
  <datafield tag="010" ind1=" " ind2=" ">
    <subfield code="a">n  96020349 </subfield>
  </datafield>
  <datafield tag="035" ind1=" " ind2=" ">
    <subfield code="a">(OCoLC)oca04021661 </subfield>
  </datafield>
  <datafield tag="040" ind1=" " ind2=" ">
    <subfield code="a">DLC</subfield>
    <subfield code="c">DLC</subfield>
    <subfield code="d">DLC</subfield>
    <subfield code="d">OCoLC</subfield>
  </datafield>
  <datafield tag="100" ind1="1" ind2="0">
    <subfield code="a">Edelstein, A. S.</subfield>
    <subfield code="q">(Alan S.)</subfield>
  </datafield>
  <datafield tag="400" ind1="1" ind2="0">
    <subfield code="a">Edelstein, Alan</subfield>
    <subfield code="q">(Alan S.)</subfield>
  </datafield>
  <datafield tag="670" ind1=" " ind2=" ">
    <subfield code="a">Nanomaterials, c1996:</subfield>
    <subfield code="b">CIP t.p. (A.S. Edelstein, Naval Res. Lab., Wash., D.C.) data sheet (Edelstein, Alan)</subfield>
  </datafield>
</record>